<record><leader>01464cam a2200421 i 45 0</leader><controlfield tag="001">6760745</controlfield><controlfield tag="003">OCoLC</controlfield><controlfield tag="005">20141219170305.0</controlfield><controlfield tag="008">140418t20152015paua     b    001 0 eng  </controlfield><datafield ind1=" " ind2=" " tag="010"><subfield code="a">  2014015702</subfield></datafield><datafield ind1="7" ind2=" " tag="016"><subfield code="a">101630841</subfield><subfield code="2">DNLM</subfield></datafield><datafield ind1=" " ind2=" " tag="020"><subfield code="a">9780803630420</subfield><subfield code="q">paperback</subfield></datafield><datafield ind1=" " ind2=" " tag="020"><subfield code="a">0803630425</subfield><subfield code="q">paperback</subfield></datafield><datafield ind1=" " ind2=" " tag="035"><subfield code="a">ocn878098855</subfield></datafield><datafield ind1=" " ind2=" " tag="040"><subfield code="a">DNLM/DLC</subfield><subfield code="e">rda</subfield><subfield code="b">eng</subfield><subfield code="c">DLC</subfield><subfield code="d">YDX</subfield><subfield code="d">NLM</subfield><subfield code="d">BTCTA</subfield><subfield code="d">YDXCP</subfield><subfield code="d">CDX</subfield><subfield code="d">AEVC</subfield></datafield><datafield ind1=" " ind2=" " tag="042"><subfield code="a">pcc</subfield></datafield><datafield ind1="0" ind2="4" tag="050"><subfield code="a">RJ245</subfield><subfield code="b">.D4 2015</subfield></datafield><datafield ind1="1" ind2="0" tag="060"><subfield code="a">WY 18.2</subfield></datafield><datafield ind1="0" ind2="0" tag="082"><subfield code="a">618.92/00231</subfield><subfield code="2">23</subfield></datafield><datafield ind1=" " ind2=" " tag="090"><subfield code="a">618.9200231 DE</subfield><subfield code="b">AEVC</subfield></datafield><datafield ind1="1" ind2=" " tag="100"><subfield code="a">De Sevo, Margot,</subfield><subfield code="e">author.</subfield></datafield><datafield ind1="1" ind2="0" tag="245"><subfield code="a">Pediatric nursing :</subfield><subfield code="b">content review plus practice questions /</subfield><subfield code="c">Margot R. De Sevo.</subfield></datafield><datafield ind1=" " ind2="1" tag="264"><subfield code="a">Philadelphia, PA :</subfield><subfield code="b">F.A. Davis Company,</subfield><subfield code="c">[2015]</subfield></datafield><datafield ind1=" " ind2="4" tag="264"><subfield code="c">&#169;2015</subfield></datafield><datafield ind1=" " ind2=" " tag="300"><subfield code="a">xvii, 558 pages :</subfield><subfield code="b">color illustrations ;</subfield><subfield code="c">28 cm</subfield></datafield><datafield ind1=" " ind2=" " tag="336"><subfield code="a">text</subfield><subfield code="b">txt</subfield><subfield code="2">rdacontent</subfield></datafield><datafield ind1=" " ind2=" " tag="337"><subfield code="a">unmediated</subfield><subfield code="b">n</subfield><subfield code="2">rdamedia</subfield></datafield><datafield ind1=" " ind2=" " tag="338"><subfield code="a">volume</subfield><subfield code="b">nc</subfield><subfield code="2">rdacarrier</subfield></datafield><datafield ind1="0" ind2=" " tag="490"><subfield code="a">Davis's successplus</subfield></datafield><datafield ind1=" " ind2=" " tag="504"><subfield code="a">Includes bibliographical references and index.</subfield></datafield><datafield ind1=" " ind2=" " tag="596"><subfield code="a">3</subfield></datafield><datafield ind1=" " ind2="0" tag="650"><subfield code="a">Pediatric nursing</subfield><subfield code="x">Examinations, questions, etc.</subfield></datafield><datafield ind1="1" ind2="2" tag="650"><subfield code="a">Nursing Care</subfield><subfield code="x">methods</subfield><subfield code="v">Examination Questions.</subfield></datafield><datafield ind1="2" ind2="2" tag="650"><subfield code="a">Adolescent.</subfield></datafield><datafield ind1="2" ind2="2" tag="650"><subfield code="a">Child.</subfield></datafield><datafield ind1="2" ind2="2" tag="650"><subfield code="a">Infant.</subfield></datafield><datafield ind1="2" ind2="2" tag="650"><subfield code="a">Pediatric Nursing</subfield><subfield code="x">methods</subfield><subfield code="v">Examination Questions.</subfield></datafield><datafield ind1=" " ind2=" " tag="926"><subfield code="a">618.9200231 DE</subfield><subfield code="w">DEWEY</subfield><subfield code="c">1</subfield><subfield code="i">33862001350747</subfield><subfield code="d">1/27/2017</subfield><subfield code="e">1/18/2017</subfield><subfield code="l">ON_SHELF</subfield><subfield code="m">NORQ_MAIN</subfield><subfield code="n">3</subfield><subfield code="p">$56.00</subfield><subfield code="r">Y</subfield><subfield code="s">Y</subfield><subfield code="t">BOOK</subfield><subfield code="u">1/16/2015</subfield></datafield></record>